@incollection{
	Mink04,
	author = {Gerd Mink},
	title = {Problems of a Highly Contaminated Tradition: The New Testament. Stemmata of Variants as a Source of a Genealogy for Witnesses},
	shorttitle = {Problems of a Highly Contaminated Tradition},
	booktitle = {Studies in Stemmatology II},
	editor = {Pieter van Reenen and August den Hollander and Margot van Mulken},
	publisher = {John Benjamins Publishing},
	location = {Amsterdam},
	year = {2004},
	pages = {13--85}
}

@book{
    Gurry17,
    author = {Peter J. Gurry},
    title = {A Critical Examination of the Coherence-Based Genealogical Method in New Testament Textual Criticism},
    shorttitle = {Critical Examination},
    series = {New Testament Tools, Studies and Documents},
    shortseries = {NTTSD},
    number = {55},
    publisher = {Brill},
    location = {Leiden},
    year = {2017}
}

@book{
	WG17,
	author = {Tommy Wasserman and Peter J. Gurry},
	title = {A New Approach to Textual Criticism: An Introduction to the Coherence-Based Genealogical Method},
	shorttitle = {A New Approach to Textual Criticism},
	series = {Resources for Biblical Study},
	shortseries = {RBS},
	number = {80},
	publisher = {SBL Press},
	location = {Atlanta, GA},
	year = {2017}
}

@phdthesis{
    Edmondson19,
    author = {Andrew Charles Edmondson},
    title = {An Analysis of the Coherence-Based Genealogical Method Using Phylogenetics},
    shorttitle = {Analysis of the Coherence-Based Genealogical Method},
    institution = {University of Birmingham},
    year = {2019}
}

@software{
	EdmondsonCBGM,
	author = {Andrew Edmondson},
	title = {edmondac/CBGM},
	year = 2018,
	publisher = {Zenodo},
	version = {2.2},
	doi = {10.5281/zenodo.1296288}
}

@software{
	PerathonerCBGM,
	author = {Marcello Perathoner},
	title = {cceh/ntg},
	url = {https://github.com/cceh/ntg}
}

@software{
	McCollumCBGM,
	author = {Joey McCollum},
	title = {jjmccollum/open-cbgm},
	year = 2020,
	publisher = {Zenodo},
	version = {1.4},
	doi = {10.5281/zenodo.4282614}
}